@misc{bib:lien1,
  author = {The Sage group},
  title = {{Logiciel ERP : Progiciel de gestion intégré - ERP en ligne}},
  howpublished = {\url{http://www.sage.fr/fr/logiciels/erp}},
  year = {2017}
}

@misc{bib:lien2,
  author = {The Sage group},
  title = {{Logiciels de gestion en ligne}},
  howpublished = {\url{http://www.sage.fr/fr/solutions-cloud/nos-offres-sage-online}},
  year = {2017}
}

@misc{bib:lien3,
  author = {The Sage group},
  title = {{Qu'est-ce qui distingue Sage X3 des offres concurrentes?}},
  howpublished = {\url{http://www.sagex3.com/fr-fr/cloud_benefits}},
  year = {2017}
}

@misc{bib:lien4,
  author = {The Sage group},
  title = {{Vos opérations de distribution, plus rapides et plus efficaces}},
  howpublished = {\url{http://www.sagex3.com/fr-fr/industry_solutions/distribution}},
  year = {2017}
}

@misc{bib:lien5,
  author = {The Sage group},
  title = {{Sage X3 expands into the cloud}},
  howpublished = {\url{https://www.sage.com/us/our-news/press-releases/07/sage-erp-x3}},
  year = {Août 2014}
}

@misc{bib:lien6,
  author = {The Sage group},
  title = {{Sage lance Sage 100 Online Génération i7 v8}},
  howpublished = {\url{http://www.sage.fr/fr/sage/presse/communiques/2015/07/sage-lance-sage-100-online-generation-i7-v8}},
  year = {Juillet 2015}
}

@misc{bib:lien7,
  author = {Oracle ERP Cloud Solutions},
  title = {{Une entreprise innovante, un Cloud innovant}},
  howpublished = {\url{https://www.oracle.com/fr/applications/erp/solutions/index.html}},
  year = {2017}
}

@misc{bib:lien8,
  author = {Flowline integration},
  title = {ERP Sage X3, faites évoluer votre entreprise},
  howpublished = {\url{http://www.flowlineintegration.com/solution-erp-sage-x3-lyon-paris-nantes-caen-alencon-suisse/}},
  year = 2017
}

@misc{bib:lien9,
  author = {Olive Cloud Solutions},
  title = {Streamline operations with end-to-end process integration},
  howpublished = {\url{http://olivetsolutions.com/docs/SAGE_ERP_X3-V7_Schema_ENG.jpg}},
  year = {2017}
}

@misc{bib:lien10,
  author = {Software Insider},
  title = {Comparaison entre Sage ERP X3 et SAP ERP},
  howpublished = {\url{http://erp.softwareinsider.com/compare/217-218/Sage-ERP-X3-vs-SAP-ERP}},
  year = {2017}
}

@misc{bib:lien11,
  author = {The Sage group},
  title = {Une solution dédiée à votre secteur},
  howpublished = {\url{http://www.sagex3.com/}},
  year = {2017}
}